1493 2491
123 150 169 186 11
191 150 212 186 3
235 139 400 186 38—63.
583 145 848 185 PHORMJO.
1255 144 1315 182 21v

123 236 194 274 GE.
229 233 364 288 [aside]
416 233 541 270 Probe
578 233 716 270 h6rum
745 231 849 269 facta
880 231 1091 281 inpm'xdens
1127 230 1306 280 depinxit

280 311 409 336 senex.

123 364 196 401 DE.
227 363 331 400 Nam
361 361 404 398 ni
433 361 523 398 haec
553 361 610 398 ita
640 364 779 407 essent,
810 374 897 398 oum
930 360 997 397 sslo
1028 359 1133 396 haud
1170 363 1302 404 stares,

280 426 480 463 Phaedria.

122 490 197 527 Pa.
229 489 272 526 Si
291 493 360 535 est,
374 491 522 537 patrue,
545 488 695 537 eulpam
715 492 760 524 ut
775 475 952 537 Antipho
971 487 1013 523 in
1032 500 1072 524 se
1091 485 1300 531 admiserit,
1321 512 1369 534 270

173 566 221 589 ex
240 554 315 601 qua
333 565 375 588 re
393 552 522 588 minus
541 552 597 588 rei
616 552 715 588 foret
735 556 803 587 aut
822 551 947 587 famae
966 554 1194 599 temperans,

171 627 250 651 non
269 608 524 650 cafisamffloo
544 614 638 663 quin
657 614 760 662 quod
778 614 940 650 meritus
959 613 1011 650 sit
1030 603 1140 650 ferat.

173 679 247 716 Sed
268 679 388 727 siquis
409 678 508 715 forte
528 678 678 714 malitia
697 678 817 714 frettis
836 690 906 714 sua

171 742 330 778 insidias
349 745 503 778 nostrae
523 741 612 777 fecit
631 741 911 777 adulescentiae

171 820 213 843 ac
232 806 337 852 uicit,
358 811 518 842 nostran
537 806 646 854 cfilpa
665 809 747 841 east
769 818 818 840 an
837 804 1017 849 indicum,
1321 831 1367 853 275

171 870 238 918 qui
258 873 368 918 saepe
387 874 543 918 propter
563 869 751 905 inuidiam
772 868 950 904 adimunt
972 867 1089 904 diuiti

171 938 239 969 aut
259 934 414 982 propter
433 933 734 968 miseric6rdiam
754 933 906 969 addunt
931 931 1116 980 pafiperi?

119 999 187 1034 GE.
209 996 344 1050 [aside]
358 998 413 1034 Ni
426 1000 574 1035 nossem
587 1011 750 1045 causam,
761 998 952 1034 crederem
966 1010 1058 1034 uera
1069 997 1169 1032 hsme
1181 995 1297 1045 loqui.

119 1063 192 1099 DE.
223 1063 292 1098 An
311 1062 515 1111 quisquam
534 1062 650 1099 iudex
672 1066 739 1109 est,
761 1062 829 1111 qui
848 1062 970 1110 possit
988 1062 1142 1097 noscere

170 1132 238 1163 tua
256 1127 367 1171 iiista,
389 1127 455 1162 ubi
475 1130 560 1163 tute
580 1127 740 1163 uerbum
759 1139 838 1162 non
857 1125 1095 1175 respondeas,
1320 1141 1368 1165 230

168 1190 224 1226 ita
244 1194 289 1226 ut
307 1189 372 1226 ille
392 1189 512 1226 fecit?
566 1189 641 1227 PH.
674 1190 846 1226 Fsmctus
861 1188 1178 1226 adulescentulist

168 1251 338 1288 officium
356 1251 527 1288 liberalis
545 1265 552 1288 :
582 1256 786 1301 postquam
806 1252 855 1288 ad
880 1252 1023 1288 ifidices

168 1316 376 1361 uentsimst,
397 1328 474 1351 non
495 1315 622 1363 potuit
642 1316 808 1363 cogitata
827 1315 1025 1364 proloqui:

168 1382 224 1417 ita
243 1382 328 1417 esim
348 1385 432 1417 tum
453 1381 634 1417 timidum
654 1381 730 1417 illic
746 1381 1002 1429 obstupefecit
1020 1380 1153 1430 pudor.

116 1446 187 1482 GE.
219 1445 353 1482 Laudo
366 1445 467 1481 hiine
483 1459 490 1481 ε
511 1445 576 1481 sed
592 1457 693 1482 cesso
706 1445 811 1481 adire
827 1457 944 1493 quam
961 1445 1126 1493 primlim
1142 1455 1271 1480 senem
1285 1443 1298 1479 ’.ἱ
1318 1456 1365 1486 285

276 1507 534 1561 [Advancinq]
572 1509 657 1554 Ere,
684 1510 788 1546 selue
805 1523 812 1546 :
851 1509 998 1546 saluom
1030 1513 1070 1546 te
1100 1509 1301 1546 aduenisse

289 1574 444 1622 gandeo.
502 1573 575 1610 DE.
609 1571 842 1625 [ironicallgs]
865 1573 936 1618 Oh,

165 1637 264 1672 bone
285 1638 420 1682 mistos,
442 1637 557 1684 salue,
580 1637 755 1673 columen
774 1649 866 1673 uero
885 1636 1067 1683 familiae,

166 1700 256 1748 quoi
272 1700 537 1737 commendaui
557 1701 685 1736 filium
704 1701 795 1737 hinc
814 1700 944 1736 abiens
964 1712 1105 1738 meum.

114 1765 183 1802 GE.
214 1765 299 1801 Iam
321 1765 465 1801 dticlum
485 1769 524 1802 te
543 1765 669 1802 omnis
688 1766 757 1801 nos
777 1778 955 1801 accusare
974 1765 1089 1801 afidio

163 1830 353 1876 inmerito,
374 1833 413 1866 et
431 1842 492 1865 me
511 1829 657 1866 horunc
677 1829 847 1866 omnium
866 1828 1191 1866 inmeritissumo:
1316 1858 1364 1881 290

163 1906 253 1929 nam
273 1893 365 1942 quid
384 1906 445 1930 me
463 1894 506 1929 in
525 1893 595 1930 hac
614 1906 655 1930 re
674 1894 798 1930 facere
817 1892 977 1929 uoluisti
996 1892 1094 1929 tibi?

164 1957 324 1993 Seruom
343 1956 536 1993 hominem
556 1969 710 1993 causam
730 1958 838 1993 orare
857 1956 958 2004 leges
978 1956 1054 1992 n6n
1075 1955 1223 2002 sinunt,

162 2032 286 2068 neque
304 2020 502 2057 testimoni
521 2020 639 2057 dictio
658 2025 727 2058 est.
782 2020 857 2058 DE.
880 2019 1001 2056 Mitto
1021 2020 1159 2058 6mnia.

173 2102 232 2130 284
253 2099 301 2129 ibi
317 2099 398 2138 [om.
414 2099 771 2139 A*BGEFP]DGV.
829 2100 901 2130 illic
917 2098 969 2130 Fl.
1023 2098 1165 2139 Ritschl,
1186 2099 1248 2140 Op.
1262 2101 1292 2131 2.

110 2152 182 2189 619,
199 2152 370 2184 mentions
391 2162 428 2184 as
446 2153 509 2185 A's
528 2153 668 2193 reading
687 2154 792 2185 subito
812 2153 995 2194 stupefecit.
