1493 2491
148 113 197 151 26
580 114 624 152 P.
658 113 908 152 TERENTI
1022 165 1026 166 ⁷
1056 115 1126 152 III
1147 115 1169 152 2
1191 116 1331 156 7—26.

149 201 224 238 Pa.
254 200 394 250 Neque
413 200 496 238 eius
515 205 665 250 patrem
684 213 724 238 se
738 200 835 238 scire
850 200 918 250 qui
936 200 1081 238 fuerit?
1102 201 1171 239 Gn.
1194 201 1334 251 Negat.

85 280 131 305 355
150 265 224 302 DE.
254 265 390 314 Ipsum
409 268 489 302 esse
508 265 646 314 opinor
665 265 712 302 de
732 277 808 314 quo
827 265 997 314 agebam.
1055 265 1282 315 Sequimini.

149 328 224 365 ΡΗ.
257 328 358 372 Quia
377 332 490 377 egens
509 329 682 366 relictast
701 329 852 376 misera,
872 329 1073 378 ignoratur
1091 342 1242 380 parens,

201 392 415 441 neclegitur
432 392 516 441 ipsa
530 404 541 438 3
570 392 660 429 uide
678 393 846 430 auaritia
865 393 960 443 quid
978 393 1082 432 facit.

150 457 221 496 GE.
257 454 499 509 [pretendinq
518 455 650 510 anyer]
692 458 735 495 Si
753 470 862 495 erum
884 458 1127 496 insimulabis
1151 459 1337 506 mahtiae,

309 522 409 558 male
428 521 568 559 audies.

82 598 133 632 360
151 584 227 624 DE.
260 582 360 637 [still
377 584 421 621 in
441 584 500 620 the
519 583 766 632 backyrovmd
780 584 874 622 with
888 582 1134 637 hissriends]
1164 583 1198 622 O
1217 583 1335 622 auda-

309 649 421 695 ciam,
443 649 561 686 etiam
582 662 644 685 me
664 649 767 686 filtro
785 653 1011 686 accusatum
1026 649 1205 686 aduenit.

156 712 231 750 Pa.
263 710 369 748 Nam
387 711 466 748 iam
486 711 725 748 adulescenti
744 711 800 748 nil
820 715 879 748 est
897 711 1002 761 quod
1022 716 1274 757 suscenseam,

207 775 240 812 si
259 775 369 812 illum
387 775 518 812 minus
536 779 673 812 norat:
701 775 846 824 quippe
864 775 979 812 homo
999 775 1077 811 iam
1096 775 1288 824 grandior,

207 839 362 889 pauper,
385 839 477 888 quoi
495 840 536 876 in
558 852 672 888 opere
691 840 775 876 uita
794 843 889 886 erat,
910 839 993 876 ruri
1012 839 1092 876 fere

209 915 250 939 se
268 902 509 940 continebat:
537 902 591 939 ibi
610 916 745 952 agrum
767 903 814 940 de
833 903 965 940 nostr6
985 907 1095 952 patre

93 978 140 1009 365
210 966 411 1003 colendum
430 966 599 1003 habebat
615 980 622 1004 :
650 971 761 1016 saepe
780 967 931 1004 interea
948 967 1046 1004 mihi
1066 980 1186 1005 senex

210 1029 394 1066 narrabat
413 1040 453 1066 se
472 1029 576 1066 hunc
595 1030 791 1078 necl'egere
810 1031 1016 1079 cognatum
1034 1043 1166 1068 suom:

209 1097 252 1129 at
274 1093 389 1141 quem
420 1092 550 1129 uirum
569 1094 577 1130 ἔ
607 1105 722 1141 quem
750 1104 820 1141 ego
848 1092 1016 1129 uiderim
1049 1093 1092 1129 in
1120 1093 1205 1129 uita
1236 1093 1345 1142 6ptu-

318 1169 436 1194 mum.

157 1218 231 1259 GE.
252 1219 400 1257 Videas
418 1223 458 1257 te
476 1222 595 1269 atque
614 1219 737 1266 illum,
758 1224 804 1256 ut
822 1220 965 1258 nfirras.
998 1219 1072 1258 PH.
1105 1219 1127 1256 I
1147 1221 1189 1257 in
1203 1219 1344 1257 malam

316 1297 478 1323 crucem.

210 1349 315 1387 Nam
335 1349 377 1386 ni
396 1350 451 1386 ita
463 1362 550 1386 eum
567 1349 872 1396 existumassem‚
889 1362 1103 1398 numquam
1118 1351 1199 1386 tAm
1213 1349 1344 1399 grauis

95 1435 142 1459 370
210 1415 260 1451 ob
278 1414 377 1451 hanc
397 1414 620 1451 inimicitias
641 1416 815 1463 caperem
834 1414 876 1450 in
896 1418 1068 1450 uostram
1088 1413 1290 1461 familiam,

209 1489 325 1526 quam
344 1477 378 1514 is
397 1478 625 1526 aspernatur
643 1478 746 1514 nunc
764 1481 846 1514 tam
865 1476 1130 1515 inliberaliter.

60 1570 91 1578 ..
157 1540 229 1580 GE.
260 1542 407 1595 Peggin
425 1555 490 1579 ero
510 1542 662 1579 absenti
681 1542 780 1578 male
796 1541 914 1591 loqui,
934 1540 1221 1591 inpurissume'l

156 1605 233 1644 PH.
264 1605 440 1654 Dignum
473 1607 604 1642 autem
641 1606 712 1642 hoc
753 1605 871 1645 iHost.
942 1605 1016 1643 GE.
1072 1605 1158 1642 Ain
1201 1608 1342 1653 tamen,

315 1670 469 1707 career?
526 1669 600 1706 DE.
625 1669 734 1707 Geta.

157 1736 229 1776 GE.
262 1735 461 1773 Bonorum
480 1740 667 1782 extortor,
689 1735 816 1785 legum
841 1735 1049 1772 contortor.
1107 1733 1182 1772 DE.
1214 1733 1323 1772 Geta.

221 1859 280 1887 355
302 1854 353 1886 Fl.
370 1856 449 1894 puts
465 1854 577 1886 before
594 1854 667 1886 354.
774 1858 833 1886 356
856 1854 933 1885 ΡΗ.
957 1854 1025 1885 Nec
1042 1853 1222 1893 Stilponem
1239 1853 1345 1893 ipsum

153 1906 236 1937 scire
260 1906 318 1946 qui
342 1905 471 1945 suerit?
511 1905 585 1935 GE.
608 1908 717 1944 neyat.
761 1903 876 1934 Bentl.
901 1912 969 1933 saw
991 1902 1019 1934 it
1045 1905 1081 1934 to
1112 1903 1152 1934 be
1180 1903 1347 1942 spurious.

152 1963 212 1991 360
228 1960 367 1990 etiamne
383 1957 495 1989 Bentl.
512 1967 553 1989 w.
570 1956 643 1988 eod.
659 1956 795 1996 Regius.
842 1960 900 1988 363
916 1966 1014 1996 opera
1029 1960 1076 1987 Δ.
1113 1957 1152 1987 in
1166 1966 1259 1996 opere
1274 1956 1346 1987 rell.

154 2016 213 2045 368
229 2021 296 2043 om.
322 2011 441 2042 Videas
458 2015 488 2042 te
505 2020 607 2051 aeque
624 2015 723 2050 atque
740 2011 846 2046 illum,
865 2014 901 2039 ut
917 2010 974 2041 ἀο.
993 2009 1124 2040 Bruner
1140 2008 1273 2048 against
1289 2007 1347 2039 the

152 2067 270 2096 metre.
315 2065 379 2104 [ut]
396 2063 459 2094 Dz.
701 2066 760 2093 369
776 2072 848 2093 eum
863 2071 928 2092 esse
944 2065 990 2092 A.
1035 2062 1087 2092 ita
1102 2070 1174 2092 eum
1189 2060 1344 2092 BCEFP.

156 2122 214 2151 373
232 2118 360 2149 tandem
375 2116 464 2148 libri.
510 2120 616 2147 tamen
632 2114 745 2147 Bentl.
